<record><leader>00000cas a22000007a 4500</leader><controlfield tag="001">27733923</controlfield><controlfield tag="008">930315d190219uucauwr n       0    0eng d</controlfield><datafield ind1=" " ind2=" " tag="010"><subfield code="a">sn 92069477 </subfield></datafield><datafield ind1=" " ind2=" " tag="040"><subfield code="a">CUY</subfield><subfield code="b">eng</subfield><subfield code="c">CNK</subfield><subfield code="d">OCLCQ</subfield></datafield><datafield ind1=" " ind2=" " tag="042"><subfield code="a">msc</subfield></datafield><datafield ind1="0" ind2="4" tag="245"><subfield code="a">The Sun and letter.</subfield></datafield><datafield ind1=" " ind2=" " tag="260"><subfield code="a">West Berkeley, Calif. :</subfield><subfield code="b">Sun and Letter Pub. Co.</subfield></datafield><datafield ind1=" " ind2=" " tag="300"><subfield code="a">v.</subfield></datafield><datafield ind1=" " ind2=" " tag="310"><subfield code="a">Weekly,</subfield><subfield code="b">Nov. 23, 1912-Mar. 19, 1921</subfield></datafield><datafield ind1=" " ind2=" " tag="321"><subfield code="a">Weekly,</subfield><subfield code="b">Jan. 6, 1906-Apr. 27, 1912</subfield></datafield><datafield ind1=" " ind2=" " tag="321"><subfield code="a">Daily,</subfield><subfield code="b">Apr. 29, 1912-Nov. 18, 1912</subfield></datafield><datafield ind1="0" ind2=" " tag="362"><subfield code="a">Vol. 2, no. 52 (Oct. 5, 1902)-</subfield></datafield><datafield ind1=" " ind2="4" tag="651"><subfield code="a">Alameda County (Calif.)</subfield><subfield code="v">Newspapers.</subfield></datafield><datafield ind1=" " ind2=" " tag="752"><subfield code="a">United States</subfield><subfield code="b">California</subfield><subfield code="c">Alameda</subfield><subfield code="d">Berkeley.</subfield></datafield><datafield ind1="0" ind2="4" tag="780"><subfield code="t">Berkeley sun</subfield><subfield code="w">(DLC)sn 92069476</subfield></datafield><datafield ind1="0" ind2="4" tag="780"><subfield code="t">Letter (Berkeley, Calif.)</subfield></datafield><datafield ind1="1" ind2=" " tag="029"><subfield code="a">AU@</subfield><subfield code="b">000020736138</subfield></datafield></record>